%YAML 1.1
%TAG !u! tag:unity3d.com,2011:
--- !u!1001 &100100000
Prefab:
  m_ObjectHideFlags: 1
  serializedVersion: 2
  m_Modification:
    m_TransformParent: {fileID: 0}
    m_Modifications: []
    m_RemovedComponents: []
  m_SourcePrefab: {fileID: 0}
  m_RootGameObject: {fileID: 1031494495742336}
  m_IsPrefabAsset: 1
--- !u!1 &1031494495742336
GameObject:
  m_ObjectHideFlags: 0
  m_CorrespondingSourceObject: {fileID: 0}
  m_PrefabInternal: {fileID: 100100000}
  serializedVersion: 6
  m_Component:
  - component: {fileID: 4592710287938642}
  m_Layer: 0
  m_Name: Sculp001
  m_TagString: Untagged
  m_Icon: {fileID: 0}
  m_NavMeshLayer: 0
  m_StaticEditorFlags: 0
  m_IsActive: 1
--- !u!1 &1601307408177328
GameObject:
  m_ObjectHideFlags: 0
  m_CorrespondingSourceObject: {fileID: 0}
  m_PrefabInternal: {fileID: 100100000}
  serializedVersion: 6
  m_Component:
  - component: {fileID: 4427411969805352}
  - component: {fileID: 33058204982537760}
  - component: {fileID: 23918794755193478}
  m_Layer: 0
  m_Name: Top piece
  m_TagString: Untagged
  m_Icon: {fileID: 0}
  m_NavMeshLayer: 0
  m_StaticEditorFlags: 0
  m_IsActive: 1
--- !u!1 &1864964536227332
GameObject:
  m_ObjectHideFlags: 0
  m_CorrespondingSourceObject: {fileID: 0}
  m_PrefabInternal: {fileID: 100100000}
  serializedVersion: 6
  m_Component:
  - component: {fileID: 4512268320979346}
  - component: {fileID: 33634787657637856}
  - component: {fileID: 23246877186746796}
  - component: {fileID: 114823592859690180}
  - component: {fileID: 114244513836820432}
  - component: {fileID: 114060492539081130}
  m_Layer: 0
  m_Name: Sculp001
  m_TagString: Untagged
  m_Icon: {fileID: 0}
  m_NavMeshLayer: 0
  m_StaticEditorFlags: 0
  m_IsActive: 1
--- !u!1 &1896337515064216
GameObject:
  m_ObjectHideFlags: 0
  m_CorrespondingSourceObject: {fileID: 0}
  m_PrefabInternal: {fileID: 100100000}
  serializedVersion: 6
  m_Component:
  - component: {fileID: 4670670598484658}
  - component: {fileID: 33314105821981938}
  - component: {fileID: 23107349512103842}
  m_Layer: 0
  m_Name: Bottom piece
  m_TagString: Untagged
  m_Icon: {fileID: 0}
  m_NavMeshLayer: 0
  m_StaticEditorFlags: 0
  m_IsActive: 1
--- !u!4 &4427411969805352
Transform:
  m_ObjectHideFlags: 1
  m_CorrespondingSourceObject: {fileID: 0}
  m_PrefabInternal: {fileID: 100100000}
  m_GameObject: {fileID: 1601307408177328}
  m_LocalRotation: {x: 0.7071068, y: -0, z: -0, w: 0.7071068}
  m_LocalPosition: {x: -1.3731575, y: 21.238575, z: -1.4138093}
  m_LocalScale: {x: 4, y: 4, z: 4}
  m_Children: []
  m_Father: {fileID: 4592710287938642}
  m_RootOrder: 0
  m_LocalEulerAnglesHint: {x: 90, y: 0, z: 0}
--- !u!4 &4512268320979346
Transform:
  m_ObjectHideFlags: 1
  m_CorrespondingSourceObject: {fileID: 0}
  m_PrefabInternal: {fileID: 100100000}
  m_GameObject: {fileID: 1864964536227332}
  m_LocalRotation: {x: -0, y: -0, z: -0, w: 1}
  m_LocalPosition: {x: 0, y: 0, z: 0}
  m_LocalScale: {x: 1, y: 1, z: 1}
  m_Children: []
  m_Father: {fileID: 4592710287938642}
  m_RootOrder: 1
  m_LocalEulerAnglesHint: {x: 0, y: 0, z: 0}
--- !u!4 &4592710287938642
Transform:
  m_ObjectHideFlags: 1
  m_CorrespondingSourceObject: {fileID: 0}
  m_PrefabInternal: {fileID: 100100000}
  m_GameObject: {fileID: 1031494495742336}
  m_LocalRotation: {x: -0, y: -0, z: -0, w: 1}
  m_LocalPosition: {x: -15, y: 0, z: 0}
  m_LocalScale: {x: 1, y: 1, z: 1}
  m_Children:
  - {fileID: 4427411969805352}
  - {fileID: 4512268320979346}
  - {fileID: 4670670598484658}
  m_Father: {fileID: 0}
  m_RootOrder: 0
  m_LocalEulerAnglesHint: {x: 0, y: 0, z: 0}
--- !u!4 &4670670598484658
Transform:
  m_ObjectHideFlags: 1
  m_CorrespondingSourceObject: {fileID: 0}
  m_PrefabInternal: {fileID: 100100000}
  m_GameObject: {fileID: 1896337515064216}
  m_LocalRotation: {x: -0.6532815, y: 0.27059805, z: 0.27059805, w: 0.6532815}
  m_LocalPosition: {x: -1.0471573, y: -13.331428, z: 1.3581908}
  m_LocalScale: {x: 6, y: 6, z: 4}
  m_Children: []
  m_Father: {fileID: 4592710287938642}
  m_RootOrder: 2
  m_LocalEulerAnglesHint: {x: -90, y: 45, z: 0}
--- !u!23 &23107349512103842
MeshRenderer:
  m_ObjectHideFlags: 1
  m_CorrespondingSourceObject: {fileID: 0}
  m_PrefabInternal: {fileID: 100100000}
  m_GameObject: {fileID: 1896337515064216}
  m_Enabled: 1
  m_CastShadows: 1
  m_ReceiveShadows: 1
  m_DynamicOccludee: 1
  m_MotionVectors: 1
  m_LightProbeUsage: 1
  m_ReflectionProbeUsage: 1
  m_RenderingLayerMask: 4294967295
  m_Materials:
  - {fileID: 10303, guid: 0000000000000000f000000000000000, type: 0}
  m_StaticBatchInfo:
    firstSubMesh: 0
    subMeshCount: 0
  m_StaticBatchRoot: {fileID: 0}
  m_ProbeAnchor: {fileID: 0}
  m_LightProbeVolumeOverride: {fileID: 0}
  m_ScaleInLightmap: 1
  m_PreserveUVs: 0
  m_IgnoreNormalsForChartDetection: 0
  m_ImportantGI: 0
  m_StitchLightmapSeams: 0
  m_SelectedEditorRenderState: 3
  m_MinimumChartSize: 4
  m_AutoUVMaxDistance: 0.5
  m_AutoUVMaxAngle: 89
  m_LightmapParameters: {fileID: 0}
  m_SortingLayerID: 0
  m_SortingLayer: 0
  m_SortingOrder: 0
--- !u!23 &23246877186746796
MeshRenderer:
  m_ObjectHideFlags: 1
  m_CorrespondingSourceObject: {fileID: 0}
  m_PrefabInternal: {fileID: 100100000}
  m_GameObject: {fileID: 1864964536227332}
  m_Enabled: 1
  m_CastShadows: 1
  m_ReceiveShadows: 1
  m_DynamicOccludee: 1
  m_MotionVectors: 1
  m_LightProbeUsage: 1
  m_ReflectionProbeUsage: 1
  m_RenderingLayerMask: 4294967295
  m_Materials:
  - {fileID: 2100000, guid: 2e2c5652eb2f49a4480e8b0bc20bd243, type: 2}
  m_StaticBatchInfo:
    firstSubMesh: 0
    subMeshCount: 0
  m_StaticBatchRoot: {fileID: 0}
  m_ProbeAnchor: {fileID: 0}
  m_LightProbeVolumeOverride: {fileID: 0}
  m_ScaleInLightmap: 1
  m_PreserveUVs: 0
  m_IgnoreNormalsForChartDetection: 0
  m_ImportantGI: 0
  m_StitchLightmapSeams: 0
  m_SelectedEditorRenderState: 3
  m_MinimumChartSize: 4
  m_AutoUVMaxDistance: 0.5
  m_AutoUVMaxAngle: 89
  m_LightmapParameters: {fileID: 0}
  m_SortingLayerID: 0
  m_SortingLayer: 0
  m_SortingOrder: 0
--- !u!23 &23918794755193478
MeshRenderer:
  m_ObjectHideFlags: 1
  m_CorrespondingSourceObject: {fileID: 0}
  m_PrefabInternal: {fileID: 100100000}
  m_GameObject: {fileID: 1601307408177328}
  m_Enabled: 1
  m_CastShadows: 1
  m_ReceiveShadows: 1
  m_DynamicOccludee: 1
  m_MotionVectors: 1
  m_LightProbeUsage: 1
  m_ReflectionProbeUsage: 1
  m_RenderingLayerMask: 4294967295
  m_Materials:
  - {fileID: 10303, guid: 0000000000000000f000000000000000, type: 0}
  m_StaticBatchInfo:
    firstSubMesh: 0
    subMeshCount: 0
  m_StaticBatchRoot: {fileID: 0}
  m_ProbeAnchor: {fileID: 0}
  m_LightProbeVolumeOverride: {fileID: 0}
  m_ScaleInLightmap: 1
  m_PreserveUVs: 0
  m_IgnoreNormalsForChartDetection: 0
  m_ImportantGI: 0
  m_StitchLightmapSeams: 0
  m_SelectedEditorRenderState: 3
  m_MinimumChartSize: 4
  m_AutoUVMaxDistance: 0.5
  m_AutoUVMaxAngle: 89
  m_LightmapParameters: {fileID: 0}
  m_SortingLayerID: 0
  m_SortingLayer: 0
  m_SortingOrder: 0
--- !u!33 &33058204982537760
MeshFilter:
  m_ObjectHideFlags: 1
  m_CorrespondingSourceObject: {fileID: 0}
  m_PrefabInternal: {fileID: 100100000}
  m_GameObject: {fileID: 1601307408177328}
  m_Mesh: {fileID: 4300000, guid: d71541ed52a7f674ca4b63bd6c7a21ec, type: 3}
--- !u!33 &33314105821981938
MeshFilter:
  m_ObjectHideFlags: 1
  m_CorrespondingSourceObject: {fileID: 0}
  m_PrefabInternal: {fileID: 100100000}
  m_GameObject: {fileID: 1896337515064216}
  m_Mesh: {fileID: 4300000, guid: d71541ed52a7f674ca4b63bd6c7a21ec, type: 3}
--- !u!33 &33634787657637856
MeshFilter:
  m_ObjectHideFlags: 1
  m_CorrespondingSourceObject: {fileID: 0}
  m_PrefabInternal: {fileID: 100100000}
  m_GameObject: {fileID: 1864964536227332}
  m_Mesh: {fileID: 4300000, guid: 69fe6f8730a9b2242b06a4e0dd547d9b, type: 3}
--- !u!114 &114060492539081130
MonoBehaviour:
  m_ObjectHideFlags: 1
  m_CorrespondingSourceObject: {fileID: 0}
  m_PrefabInternal: {fileID: 100100000}
  m_GameObject: {fileID: 1864964536227332}
  m_Enabled: 1
  m_EditorHideFlags: 0
  m_Script: {fileID: 11500000, guid: b09f7ccf6376533499ed2f61172964df, type: 3}
  m_Name: 
  m_EditorClassIdentifier: 
  ar: {fileID: 114244513836820432}
  mr: {fileID: 23246877186746796}
  topPiece: {fileID: 23918794755193478}
  bottomPiece: {fileID: 23107349512103842}
  slideTime: 1
  colorizeInterval: 0.1
  topColor: {r: 0.95, g: 0.45, b: 0.85, a: 0.85}
--- !u!114 &114244513836820432
MonoBehaviour:
  m_ObjectHideFlags: 1
  m_CorrespondingSourceObject: {fileID: 0}
  m_PrefabInternal: {fileID: 100100000}
  m_GameObject: {fileID: 1864964536227332}
  m_Enabled: 1
  m_EditorHideFlags: 0
  m_Script: {fileID: 11500000, guid: 970340d1e6ea74aa2b46b0fd3a75ad17, type: 3}
  m_Name: 
  m_EditorClassIdentifier: 
  mr: {fileID: 23246877186746796}
  aus: {fileID: 0}
  waveTrim: 0.02
  waveWindow: 0
  waveMagnitude: {x: 0.5, y: 5}
  volumeSamples: 4096
  volumeMagnitude: 2
  ringPrefab: {fileID: 1789856466789546, guid: 674e2c222db7a4dbd805c1b77aaa98b8, type: 2}
  yPadding: 1
  ringScale: {x: 0.5, y: 0.75}
  rings:
  - points: 64
    radius: 3.5313702
    spin: 2
    offset: {x: -0.9106331, y: 0, z: -0.3563347}
    color: {r: 0.47058827, g: 0.8431373, b: 0.7960785, a: 0.5019608}
  - points: 64
    radius: 3.683344
    spin: 4
    offset: {x: -0.09898186, y: 0.70673513, z: 0.91063356}
    color: {r: 0.39607847, g: 0.59607846, b: 0.72156864, a: 0.5019608}
  - points: 64
    radius: 4.4359856
    spin: 6
    offset: {x: -0.1587143, y: 0.96014714, z: 0.89851797}
    color: {r: 0.5019608, g: 0.47058827, b: 0.6431373, a: 0.5019608}
  - points: 64
    radius: 4.3427734
    spin: 6
    offset: {x: -0.28974342, y: 0.5891496, z: 1.0100056}
    color: {r: 0.8705883, g: 0.69803923, b: 0.7960785, a: 0.5019608}
  - points: 64
    radius: 3.551344
    spin: 4
    offset: {x: -0.5388527, y: 0.63980913, z: 0.11853504}
    color: {r: 0.39607847, g: 0.59607846, b: 0.72156864, a: 0.5019608}
  - points: 64
    radius: 2.5502415
    spin: 2
    offset: {x: -1.5829659, y: 0, z: -1.1254272}
    color: {r: 0.47058827, g: 0.8431373, b: 0.7960785, a: 0.5019608}
  lrs: []
--- !u!114 &114823592859690180
MonoBehaviour:
  m_ObjectHideFlags: 1
  m_CorrespondingSourceObject: {fileID: 0}
  m_PrefabInternal: {fileID: 100100000}
  m_GameObject: {fileID: 1864964536227332}
  m_Enabled: 1
  m_EditorHideFlags: 0
  m_Script: {fileID: 11500000, guid: d9f9043fb5be1e748bceefc1a427f294, type: 3}
  m_Name: 
  m_EditorClassIdentifier: 
  mr: {fileID: 23246877186746796}
  aus: {fileID: 0}
  waveDetail: 8
  waveTrim: 0.02
  waveThreshold: 0.1
  waveOutputSamples: 9192
  window: 0
  visualizeSize: {x: 10, y: 5}
